@article{scikit-learn,
 title={Scikit-learn: Machine Learning in Python},
 author={Pedregosa, F. and Varoquaux, G. and Gramfort, A. and Michel, V.
         and Thirion, B. and Grisel, O. and Blondel, M. and Prettenhofer, P.
         and Weiss, R. and Dubourg, V. and Vanderplas, J. and Passos, A. and
         Cournapeau, D. and Brucher, M. and Perrot, M. and Duchesnay, E.},
 journal={Journal of Machine Learning Research},
 volume={12},
 pages={2825--2830},
 year={2011}
}

@inproceedings{zhang2018dynamic,
  title={A Dynamic Resource Overbooking Mechanism in Fog Computing},
  author={Zhang, Fuming and Tang, Zhiqing and Chen, Mingcheng and Zhou, Xiaojie and Jia, Weijia},
  booktitle={15th {IEEE} International Conference on Mobile Ad Hoc and Sensor Systems (MASS)},
  pages={89--97},
  year={2018}
}

